@article{fraley2007bayesian,
	title={Bayesian regularization for normal mixture estimation and model-based clustering},
	author={Fraley, Chris and Raftery, Adrian E},
	journal={Journal of classification},
	volume={24},
	number={2},
	pages={155--181},
	year={2007},
	publisher={Springer}
}
@misc{murphy2012machine,
	title={Machine Learning: A Probabilistic Perspective. Adaptive Computation and Machine Learning},
	author={Murphy, Kevin P},
	year={2012},
	publisher={MIT press}
}
@book{Bishop,
	author = {{M. Bishop}, Christopher},
	booktitle = {Pattern Recognition},
	publisher = {Springer},
	title = {{Pattern Recognition and Machine Learning}},
	url = {http://research.microsoft.com/en-us/um/people/cmbishop/prml/},
	year = {2006}
}
@misc{notesArtes,
	author = {{Artés-Rodríguez}, Antonio},
	title = {Notes for Advanced Signal Processing},
	year = {2018}
}
@misc{logsumexp,
	author = {{Eisele}, Robert},
	title = {The log-sum-exp trick in Machine Learning},
	url = {https://www.xarg.org/2016/06/the-log-sum-exp-trick-in-machine-learning/}
}